<record>
<leader> cam0 22 450 </leader>
<controlfield tag="001">231633556</controlfield>
<controlfield tag="002">38</controlfield>
<controlfield tag="003">http://www.sudoc.fr/231633556</controlfield>
<controlfield tag="004">20181113</controlfield>
<controlfield tag="005">20200309045247.000</controlfield>
<controlfield tag="006">693882101</controlfield>
<controlfield tag="007">1999</controlfield>
<controlfield tag="008">Oax3</controlfield>
<datafield tag="029" ind1=" " ind2=" ">
<subfield code="a">FR</subfield>
<subfield code="b">1929LYONW141</subfield>
</datafield>
<datafield tag="035" ind1=" " ind2=" ">
<subfield code="a">(OCoLC)1066063175</subfield>
</datafield>
<datafield tag="100" ind1=" " ind2=" ">
<subfield code="a">20181113d1929 k y0frey50 ba</subfield>
</datafield>
<datafield tag="101" ind1="0" ind2=" ">
<subfield code="a">fre</subfield>
</datafield>
<datafield tag="102" ind1=" " ind2=" ">
<subfield code="a">FR</subfield>
</datafield>
<datafield tag="105" ind1=" " ind2=" ">
<subfield code="a">ab ma 000yy</subfield>
</datafield>
<datafield tag="106" ind1=" " ind2=" ">
<subfield code="a">r</subfield>
</datafield>
<datafield tag="181" ind1=" " ind2=" ">
<subfield code="6">z01</subfield>
<subfield code="c">txt</subfield>
<subfield code="2">rdacontent</subfield>
</datafield>
<datafield tag="181" ind1=" " ind2="1">
<subfield code="6">z01</subfield>
<subfield code="a">i#</subfield>
<subfield code="b">xxxe##</subfield>
</datafield>
<datafield tag="182" ind1=" " ind2=" ">
<subfield code="6">z01</subfield>
<subfield code="c">n</subfield>
<subfield code="2">rdamedia</subfield>
</datafield>
<datafield tag="182" ind1=" " ind2="1">
<subfield code="6">z01</subfield>
<subfield code="a">n</subfield>
</datafield>
<datafield tag="183" ind1=" " ind2="1">
<subfield code="6">z01</subfield>
<subfield code="a">nga</subfield>
<subfield code="2">rdacarrier</subfield>
</datafield>
<datafield tag="200" ind1="1" ind2=" ">
<subfield code="a">
Étude des eaux de la partie sud-est et sud-ouest du massif de la Chartreuse
</subfield>
<subfield code="f">Paul Morel,...</subfield>
</datafield>
<datafield tag="214" ind1=" " ind2="1">
<subfield code="d">1929</subfield>
</datafield>
<datafield tag="215" ind1=" " ind2=" ">
<subfield code="a">1 vol. (142 p.-[1] dépl.)</subfield>
<subfield code="c">ill., carte</subfield>
<subfield code="d">26 cm</subfield>
</datafield>
<datafield tag="300" ind1=" " ind2=" ">
<subfield code="a">
Thèse pour le doctorat de l'Université de Lyon (pharmacie)
</subfield>
</datafield>
<datafield tag="306" ind1=" " ind2=" ">
<subfield code="a">
La thèse porte : Grenoble : Imprimerie Dardelet, 1929
</subfield>
</datafield>
<datafield tag="320" ind1=" " ind2=" ">
<subfield code="a">Bibliographie p. [141]-142</subfield>
</datafield>
<datafield tag="328" ind1=" " ind2="0">
<subfield code="b">Thèse de doctorat</subfield>
<subfield code="c">Pharmacie</subfield>
<subfield code="e">Université de Lyon</subfield>
<subfield code="d">1929</subfield>
</datafield>
<datafield tag="451" ind1=" " ind2="|">
<subfield code="0">09459435X</subfield>
<subfield code="t">
Étude des eaux de la partie sud-est et sud-ouest du massif de la Chartreuse
</subfield>
<subfield code="f">par Paul Morel,...</subfield>
<subfield code="c">Grenoble</subfield>
<subfield code="n">Imprimerie Dardelet</subfield>
<subfield code="d">1929</subfield>
<subfield code="p">1 vol. (143 p.)</subfield>
</datafield>


<datafield tag="488" ind1=" " ind2="|">
<subfield code="0">09459435X</subfield>
<subfield code="t">
Étude des eaux de la partie sud-est et sud-ouest du massif de la Chartreuse
</subfield>
<subfield code="f">par Paul Morel,...</subfield>
<subfield code="c">Grenoble</subfield>
<subfield code="n">Imprimerie Dardelet</subfield>
<subfield code="d">1929</subfield>
<subfield code="p">1 vol. (143 p.)</subfield>
</datafield>


<datafield tag="579" ind1=" " ind2=" ">
<subfield code="1">0499</subfield>
<subfield code="3">231635508</subfield>
</datafield>
<datafield tag="606" ind1=" " ind2=" ">
<subfield code="3">027227987</subfield>
<subfield code="a">Géologie</subfield>
<subfield code="3">027226794</subfield>
<subfield code="y">France</subfield>
<subfield code="3">027358321</subfield>
<subfield code="y">Isère (France)</subfield>
<subfield code="2">rameau</subfield>
</datafield>
<datafield tag="606" ind1=" " ind2=" ">
<subfield code="3">027794652</subfield>
<subfield code="a">Eaux minérales</subfield>
<subfield code="3">027226794</subfield>
<subfield code="y">France</subfield>
<subfield code="3">027358321</subfield>
<subfield code="y">Isère (France)</subfield>
<subfield code="2">rameau</subfield>
</datafield>
<datafield tag="606" ind1=" " ind2=" ">
<subfield code="3">027794652</subfield>
<subfield code="a">Eaux minérales</subfield>
<subfield code="3">176320709</subfield>
<subfield code="x">Propriétés physico-chimiques</subfield>
<subfield code="2">rameau</subfield>
</datafield>
<datafield tag="606" ind1=" " ind2=" ">
<subfield code="3">029840619</subfield>
<subfield code="a">Eau</subfield>
<subfield code="x">Chimie</subfield>
<subfield code="2">rameau</subfield>
</datafield>
<datafield tag="607" ind1=" " ind2=" ">
<subfield code="3">027364178</subfield>
<subfield code="a">Chartreuse, Massif de la (France)</subfield>
<subfield code="2">rameau</subfield>
</datafield>
<datafield tag="608" ind1=" " ind2=" ">
<subfield code="3">027253139</subfield>
<subfield code="a">Thèses et écrits académiques</subfield>
<subfield code="2">rameau</subfield>
</datafield>
<datafield tag="686" ind1=" " ind2=" ">
<subfield code="a">550</subfield>
<subfield code="2">TEF</subfield>
</datafield>
<datafield tag="686" ind1=" " ind2=" ">
<subfield code="a">610</subfield>
<subfield code="2">TEF</subfield>
</datafield>
<datafield tag="700" ind1=" " ind2="1">
<subfield code="3">225531526</subfield>
<subfield code="a">Morel</subfield>
<subfield code="b">Paul</subfield>
<subfield code="f">1899-....</subfield>
<subfield code="4">070</subfield>
</datafield>
<datafield tag="701" ind1=" " ind2="1">
<subfield code="3">070443432</subfield>
<subfield code="a">Barral</subfield>
<subfield code="b">Étienne</subfield>
<subfield code="f">1860-1938</subfield>
<subfield code="4">727</subfield>
<subfield code="4">956</subfield>
</datafield>
<datafield tag="711" ind1="0" ind2="2">
<subfield code="3">028025261</subfield>
<subfield code="a">Université de Lyon</subfield>
<subfield code="c">1896-1970</subfield>
<subfield code="4">295</subfield>
</datafield>
<datafield tag="801" ind1=" " ind2="3">
<subfield code="a">FR</subfield>
<subfield code="b">Abes</subfield>
<subfield code="c">20200309</subfield>
<subfield code="g">AFNOR</subfield>
</datafield>
<datafield tag="830" ind1=" " ind2=" ">
<subfield code="a">
Réforme Rameau Genre-Forme retro thèses (ne pas supprimer)
</subfield>
</datafield>
<datafield tag="930" ind1=" " ind2=" ">
<subfield code="5">693882101:607246197</subfield>
<subfield code="b">693882101</subfield>
<subfield code="j">g</subfield>
</datafield>
<datafield tag="940" ind1=" " ind2=" ">
<subfield code="5">693882101:607246197</subfield>
<subfield code="a">20180403</subfield>
<subfield code="b">x</subfield>
</datafield>
<datafield tag="941" ind1=" " ind2=" ">
<subfield code="5">693882101:607246197</subfield>
<subfield code="a">20181113</subfield>
<subfield code="b">21:12:36.000</subfield>
</datafield>
<datafield tag="991" ind1=" " ind2=" ">
<subfield code="5">693882101:607246197</subfield>
<subfield code="a">
Catalogage rétrospectif-2018-FINANCEMENT ABES-CRE SAI-Lyon1 Santé thèses
</subfield>
</datafield>
</record>